@inproceedings{crawford1992solving,
 author = {Crawford, Kelly D.},
 title = {Solving the n-queens problem using genetic algorithms},
 booktitle = {Proceedings of the 1992 ACM/SIGAPP symposium on Applied computing: technological challenges of the 1990's},
 series = {SAC '92},
 year = {1992},
 isbn = {0-89791-502-X},
 location = {Kansas City, Missouri, USA},
 pages = {1039--1047},
 numpages = {9},
 url = {http://doi.acm.org/10.1145/130069.130128},
 doi = {10.1145/130069.130128},
 acmid = {130128},
 publisher = {ACM},
 address = {New York, NY, USA},
} 

@inproceedings{homaifar1992e1, 
  author={Homaifar, A. and Turner, J. and Ali, S.}, 
  booktitle={Southeastcon '92, Proceedings., IEEE}, 
  title={The N-queens problem and genetic algorithms}, 
  year={1992}, 
  pages={262-267 vol.1}, 
  keywords={artificial intelligence;combinatorial mathematics;computational complexity;genetic algorithms;search problems;N-queens problem;combinatorial problem;constraint satisfaction problems;genetic algorithms;ordering problem;problem complexity;search algorithms;search space traversal;sequencing problem;Artificial intelligence;Benchmark testing;Constraint optimization;Genetic algorithms;Laboratories;Machine intelligence;Robustness;Sorting;Traffic control;Very large scale integration}, 
  doi={10.1109/SECON.1992.202348},
}

@inproceedings{andrews2006investigation,
  title={An investigation into mutation operators for particle swarm optimization},
  author={Andrews, Paul S},
  booktitle={Evolutionary Computation, 2006. CEC 2006. IEEE Congress on},
  pages={1044--1051},
  year={2006},
  organization={IEEE}
}

@article{tuson1998adapting,
  title={Adapting operator settings in genetic algorithms},
  author={Tuson, Andrew and Ross, Peter},
  journal={Evolutionary computation},
  volume={6},
  number={2},
  pages={161--184},
  year={1998},
  publisher={MIT Press}
}

@article{wolpert1997no,
  title={No free lunch theorems for optimization},
  author={Wolpert, David H and Macready, William G},
  journal={Evolutionary Computation, IEEE Transactions on},
  volume={1},
  number={1},
  pages={67--82},
  year={1997},
  publisher={IEEE}
}

@article{srinivas1994adaptive,
  title={Adaptive probabilities of crossover and mutation in genetic algorithms},
  author={Srinivas, M and Patnaik, Lalit M},
  journal={Systems, Man and Cybernetics, IEEE Transactions on},
  volume={24},
  number={4},
  pages={656--667},
  year={1994},
  publisher={IEEE}
}

@article{goldberg1988genetic,
  title={Genetic algorithms and machine learning},
  author={Goldberg, David E and Holland, John H},
  journal={Machine learning},
  volume={3},
  number={2},
  pages={95--99},
  year={1988},
  publisher={Springer}
}
